<?xml version="1.0" encoding="UTF-8"?><collection xmlns="http://www.loc.gov/MARC21/slim"><record><leader>00409nam--2200133-i-4500</leader><controlfield tag="001">000010834</controlfield><controlfield tag="002">20161230</controlfield><controlfield tag="005">20161230201029</controlfield><controlfield tag="008">060222s1000------------r-----000-0-eng-d</controlfield><datafield ind1=" " ind2=" " tag="080"><subfield code="a">016(047.1):533.951.8(047.1)</subfield></datafield><datafield ind1=" " ind2=" " tag="245"><subfield code="a">Literature survey on plasma instabilities cove ring publications: 1972 (part 1)</subfield></datafield><datafield ind1=" " ind2=" " tag="260"><subfield code="a">Innstbruck, Institute For Theoretical Physics, 1971 P.Dif</subfield></datafield><datafield ind1=" " ind2=" " tag="700"><subfield code="a">Cap, F</subfield></datafield><datafield ind1=" " ind2=" " tag="852"><subfield code="a">D.1301</subfield></datafield></record></collection>